

@ARTICLE{jennings2020,
       author = {{Jennings}, Jeff and {Booth}, Richard A. and {Tazzari}, Marco and {Rosotti}, Giovanni P. and {Clarke}, Cathie J.},
        title = "{frankenstein: protoplanetary disc brightness profile reconstruction at sub-beam resolution with a rapid Gaussian process}",
      journal = {\mnras},
     keywords = {methods: data analysis, protoplanetary discs, techniques: interferometric, planets and satellites: detection, submillimetre: general, submillimetre: planetary systems, Astrophysics - Earth and Planetary Astrophysics, Astrophysics - Instrumentation and Methods for Astrophysics},
         year = 2020,
        month = jul,
       volume = {495},
       number = {3},
        pages = {3209-3232},
          doi = {10.1093/mnras/staa1365},
archivePrefix = {arXiv},
       eprint = {2005.07709},
 primaryClass = {astro-ph.EP},
       adsurl = {https://ui.adsabs.harvard.edu/abs/2020MNRAS.495.3209J},
      adsnote = {Provided by the SAO/NASA Astrophysics Data System}
}

@ARTICLE{2013PASP..125..306F,
       author = {{Foreman-Mackey}, Daniel and {Hogg}, David W. and {Lang}, Dustin and {Goodman}, Jonathan},
        title = "{emcee: The MCMC Hammer}",
      journal = {\pasp},
     keywords = {Astrophysics - Instrumentation and Methods for Astrophysics, Physics - Computational Physics, Statistics - Computation},
         year = 2013,
        month = mar,
       volume = {125},
       number = {925},
        pages = {306},
          doi = {10.1086/670067},
archivePrefix = {arXiv},
       eprint = {1202.3665},
 primaryClass = {astro-ph.IM},
       adsurl = {https://ui.adsabs.harvard.edu/abs/2013PASP..125..306F},
      adsnote = {Provided by the SAO/NASA Astrophysics Data System}
}



@ARTICLE{aizawa2024,
       author = {{Aizawa}, Masataka and {Muto}, Takayuki and {Momose}, Munetake},
        title = "{Revealing asymmetry on mid-plane of protoplanetary disc through modelling of axisymmetric emission: methodology}",
      journal = {\mnras},
     keywords = {Astrophysics - Earth and Planetary Astrophysics, Astrophysics - Solar and Stellar Astrophysics},
         year = 2024,
        month = aug,
       volume = {532},
       number = {2},
        pages = {1361-1390},
          doi = {10.1093/mnras/stae1549},
archivePrefix = {arXiv},
       eprint = {2406.14006},
 primaryClass = {astro-ph.EP},
       adsurl = {https://ui.adsabs.harvard.edu/abs/2024MNRAS.532.1361A},
      adsnote = {Provided by the SAO/NASA Astrophysics Data System}
}

